<?xml version="1.0" encoding="UTF-8"?><collection xmlns="http://www.loc.gov/MARC21/slim"><record><leader>00395nam--2200133-i-4500</leader><controlfield tag="001">000034867</controlfield><controlfield tag="002">20161230</controlfield><controlfield tag="005">20161230201040</controlfield><controlfield tag="008">060222s1000------------r-----000-0-eng-d</controlfield><datafield ind1=" " ind2=" " tag="080"><subfield code="a">001.89</subfield></datafield><datafield ind1=" " ind2=" " tag="100"><subfield code="a">Nage, Ernest</subfield></datafield><datafield ind1=" " ind2=" " tag="245"><subfield code="a">The structure of science.problems in the logic of scientific explantation.2 nd impression</subfield></datafield><datafield ind1=" " ind2=" " tag="260"><subfield code="a">London, Routledge &amp; Kegan Paul, 1968. Xiii + 618p</subfield></datafield><datafield ind1=" " ind2=" " tag="852"><subfield code="a">34414</subfield></datafield></record></collection>